@article{koehler2022ungrading,
  title={Ungrading Learner Participation in a Student-Centered Learning Experience},
  author={Koehler, Adrie A and Meech, Sally},
  journal={TechTrends},
  volume={66},
  number={1},
  pages={78--89},
  year={2022},
  publisher={Springer}
}